<?xml version="1.0" encoding="UTF-8" ?>
<collection xmlns:xsi="http://www.w3.org/2001/XMLSchema-instance" xsi:schemaLocation="http://www.loc.gov/MARC21/slim http://www.loc.gov/standards/marcxml/schema/MARC21slim.xsd" xmlns="http://www.loc.gov/MARC21/slim">
   <record>
      <leader>     cam a22     Ia 4500</leader>
      <controlfield tag="001">4432772</controlfield>
      <controlfield tag="003">COO</controlfield>
      <controlfield tag="005">20140726194352.0</controlfield>
      <controlfield tag="008">880504s1957    sy            000 0 arard</controlfield>
      <datafield tag="010" ind1=" " ind2=" ">
         <subfield code="z">ne 65000676 </subfield>
      </datafield>
      <datafield tag="035" ind1=" " ind2=" ">
         <subfield code="a">(OCoLC)17894585</subfield>
      </datafield>
      <datafield tag="035" ind1=" " ind2=" ">
         <subfield code="a">4432772</subfield>
      </datafield>
      <datafield tag="040" ind1=" " ind2=" ">
         <subfield code="a">WAU</subfield>
         <subfield code="c">WAU</subfield>
         <subfield code="d">IUL</subfield>
         <subfield code="d">NIC</subfield>
      </datafield>
      <datafield tag="090" ind1=" " ind2=" ">
         <subfield code="a">BP144</subfield>
         <subfield code="b">.N85 1987</subfield>
      </datafield>
      <datafield tag="100" ind1="0" ind2=" ">
         <subfield code="a">Nuʻmān ibn Muḥammad,</subfield>
         <subfield code="c">Abū Ḥanīfah,</subfield>
         <subfield code="d">-974.</subfield>
      </datafield>
      <datafield tag="245" ind1="1" ind2="0">
         <subfield code="a">Kitāb al-iqtiṣār /</subfield>
         <subfield code="c">lil-qāḍī al-Nuʻman ibn Muḥammad al-Maghribī ; taḥqīq Muḥammad Wahīd Mīrzā.</subfield>
      </datafield>
      <datafield tag="246" ind1="3" ind2="0">
         <subfield code="a">Iqtiṣār</subfield>
      </datafield>
      <datafield tag="246" ind1="1" ind2="5">
         <subfield code="a">Traité de jurisprudence ismaélienne</subfield>
      </datafield>
      <datafield tag="260" ind1=" " ind2=" ">
         <subfield code="a">Dimashq :</subfield>
         <subfield code="b">al-Maʻhad al-Faransī lil-Dirāsat al-ʻArabīyah,</subfield>
         <subfield code="c">1957.</subfield>
      </datafield>
      <datafield tag="300" ind1=" " ind2=" ">
         <subfield code="a">174, xxxviii p.</subfield>
      </datafield>
      <datafield tag="650" ind1=" " ind2="0">
         <subfield code="a">Islamic law.</subfield>
      </datafield>
      <datafield tag="650" ind1=" " ind2="0">
         <subfield code="a">Ismailites.</subfield>
      </datafield>
      <datafield tag="600" ind1="1" ind2="0">
         <subfield code="a">Mirzā, Vaḥīd.</subfield>
      </datafield>
      <datafield tag="948" ind1="2" ind2=" ">
         <subfield code="a">20021028</subfield>
         <subfield code="b">x</subfield>
         <subfield code="d">batch</subfield>
         <subfield code="e">lts</subfield>
      </datafield>
      <datafield tag="948" ind1="3" ind2=" ">
         <subfield code="a">20021028</subfield>
         <subfield code="h">recon1</subfield>
         <subfield code="i">edx.mars.coo.ftp.v02m1002.cc.bib</subfield>
      </datafield>
      <datafield tag="903" ind1=" " ind2=" ">
         <subfield code="a">NYUACO</subfield>
         <subfield code="d">20141028</subfield>
         <subfield code="p">31924029186679</subfield>
      </datafield>
      <datafield tag="950" ind1=" " ind2=" ">
         <subfield code="a">BP195.I8</subfield>
         <subfield code="b">N97</subfield>
         <subfield code="v"> </subfield>
      </datafield>
   </record>
</collection>
